<?xml version="1.0" encoding="UTF-8"?><record xmlns="http://www.loc.gov/MARC21/slim" xmlns:cinclude="http://apache.org/cocoon/include/1.0" xmlns:zs="http://www.loc.gov/zing/srw/">
  <leader>00510cz  a2200133n  4500</leader>
  <controlfield tag="001">n  92020507 </controlfield>
  <controlfield tag="003">DLC</controlfield>
  <controlfield tag="005">19920309150115.7</controlfield>
  <controlfield tag="008">920226n| acannaab|          |a aaa |||  </controlfield>
  <datafield tag="010" ind1=" " ind2=" ">
    <subfield code="a">n  92020507 </subfield>
  </datafield>
  <datafield tag="040" ind1=" " ind2=" ">
    <subfield code="a">DLC</subfield>
    <subfield code="c">DLC</subfield>
    <subfield code="d">DLC</subfield>
  </datafield>
  <datafield tag="100" ind1="1" ind2="0">
    <subfield code="a">Kokoreva, T. A.</subfield>
    <subfield code="q">(Tati︠a︡na Aleksandrovna)</subfield>
  </datafield>
  <datafield tag="400" ind1="1" ind2="0">
    <subfield code="a">Kokoreva, Tatʹi︠a︡na Aleksandrovna</subfield>
  </datafield>
  <datafield tag="670" ind1=" " ind2=" ">
    <subfield code="a">Her Sistemnyĭ analiz prot︠s︡edur prini︠a︡tii︠a︡ upravlencheskikh resheniĭ, 1991:</subfield>
    <subfield code="b">t.p. (T.A. Kokoreva) colophon (Tati︠a︡na Aleksandrovna Kokoreva)</subfield>
  </datafield>
</record>